
@BOOK{Lam94,
  title = {{\LaTeX} : A Document Preparation System},
  publisher = {Addison-Wesley},
  year = {1994},
  author = {Leslie Lamport},
  edition = {Second},
}

@ARTICLE{peters2018,
       author = {{Peters}, Matthew E. and {Neumann}, Mark and {Iyyer}, Mohit and {Gardner}, Matt and {Clark}, Christopher and {Lee}, Kenton and {Zettlemoyer}, Luke},
        title = "{Deep contextualized word representations}",
      journal = {arXiv e-prints},
     keywords = {Computer Science - Computation and Language},
         year = 2018,
        month = feb,
          eid = {arXiv:1802.05365},
        pages = {arXiv:1802.05365},
          doi = {10.48550/arXiv.1802.05365},
archivePrefix = {arXiv},
       eprint = {1802.05365},
 primaryClass = {cs.CL},
       adsurl = {https://ui.adsabs.harvard.edu/abs/2018arXiv180205365P},
      adsnote = {Provided by the SAO/NASA Astrophysics Data System}
}

@article{brown2020,
  title={Language models are few-shot learners},
  author={Brown, Tom and Mann, Benjamin and Ryder, Nick and Subbiah, Melanie and Kaplan, Jared D and Dhariwal, Prafulla and Neelakantan, Arvind and Shyam, Pranav and Sastry, Girish and Askell, Amanda and others},
  journal={Advances in neural information processing systems},
  volume={33},
  pages={1877--1901},
  year={2020}
}

@article{niven2019,
  title={Probing neural network comprehension of natural language arguments},
  author={Niven, Timothy and Kao, Hung-Yu},
  journal={arXiv preprint arXiv:1907.07355},
  year={2019}
}